<record><leader>00000cas a22000001a 4500</leader><controlfield tag="001">32377345</controlfield><controlfield tag="007">hd afb019baca</controlfield><controlfield tag="007">hd bfb019baaa</controlfield><controlfield tag="008">950427d18391897nyuwr nea     0    0eng c</controlfield><datafield ind1=" " ind2=" " tag="010"><subfield code="a">sn 94084741 </subfield></datafield><datafield ind1=" " ind2=" " tag="040"><subfield code="a">NN</subfield><subfield code="b">eng</subfield><subfield code="c">RQM</subfield><subfield code="d">OCL</subfield><subfield code="d">OCLCQ</subfield><subfield code="d">OCLCF</subfield><subfield code="d">OCLCO</subfield></datafield><datafield ind1=" " ind2=" " tag="012"><subfield code="i">9503</subfield></datafield><datafield ind1="1" ind2=" " tag="029"><subfield code="a">AU@</subfield><subfield code="b">000025885792</subfield></datafield><datafield ind1=" " ind2=" " tag="042"><subfield code="a">pcc</subfield></datafield><datafield ind1=" " ind2=" " tag="043"><subfield code="a">n-us-ny</subfield></datafield><datafield ind1="0" ind2=" " tag="130"><subfield code="a">Sunday Mercury (New York, N.Y. : 1839)</subfield></datafield><datafield ind1="1" ind2="0" tag="245"><subfield code="a">Sunday Mercury</subfield><subfield code="h">[microform].</subfield></datafield><datafield ind1=" " ind2=" " tag="260"><subfield code="a">New York [N.Y.] :</subfield><subfield code="b">Paige, Wilson &amp; Brown,</subfield><subfield code="c">1839-</subfield></datafield><datafield ind1=" " ind2=" " tag="300"><subfield code="a">v. :</subfield><subfield code="b">ill. ;</subfield><subfield code="c">53-63 cm.</subfield></datafield><datafield ind1=" " ind2=" " tag="310"><subfield code="a">Weekly</subfield></datafield><datafield ind1="0" ind2=" " tag="362"><subfield code="a">Vol. 1, no. 25 (Oct. 27, 1839)-</subfield></datafield><datafield ind1="1" ind2=" " tag="362"><subfield code="a">Ceased in Nov. 1897?</subfield></datafield><datafield ind1=" " ind2=" " tag="500"><subfield code="a">Special issue, Christmas 1842: Sunday Mercury. Spoons' picture gallery.</subfield></datafield><datafield ind1=" " ind2=" " tag="500"><subfield code="a">Publishers: E.G. Paige &amp; J.H. Wilson, 1839; Paige, Wilson &amp; Nichols, 1839-1840; Paige &amp; Nichols, 1840-&lt;1841&gt;; Paige, Nichols &amp; Krauth, &lt;1842-1848&gt;; Krauth &amp; Cauldwell, &lt;1854&gt;-1855; Krauth, Cauldwell &amp; Southworth, &lt;1855&gt;; Cauldwell, Southworth &amp; Whitney, &lt;1858-1861&gt;; Cauldwell &amp; Whitney, &lt;1862-1867&gt;; William Cauldwell, &lt;1876&gt;.</subfield></datafield><datafield ind1=" " ind2=" " tag="500"><subfield code="a">Editors: Krauth, Cauldwell &amp; Southworth, &lt;1855&gt;; Cauldwell, Southworth &amp; Whitney, &lt;1858-1861&gt;; Cauldwell &amp; Whitney, &lt;1867&gt;; William Cauldwell, &lt;1876&gt;.</subfield></datafield><datafield ind1=" " ind2=" " tag="533"><subfield code="a">Microfilm.</subfield><subfield code="m">(Oct. 10,1841-Feb. 1892):[Gaps]</subfield><subfield code="b">New York :</subfield><subfield code="c">New York Public Library,</subfield><subfield code="d">[19--].</subfield><subfield code="e">5 microfilm reels ; 35 mm.</subfield></datafield><datafield ind1=" " ind2="0" tag="651"><subfield code="a">New York (N.Y.)</subfield><subfield code="v">Newspapers.</subfield></datafield><datafield ind1=" " ind2="7" tag="655"><subfield code="a">Newspapers.</subfield><subfield code="2">fast</subfield><subfield code="0">(OCoLC)fst01423814</subfield></datafield><datafield ind1=" " ind2="7" tag="651"><subfield code="a">New York (State)</subfield><subfield code="z">New York.</subfield><subfield code="2">fast</subfield><subfield code="0">(OCoLC)fst01204333</subfield></datafield><datafield ind1="0" ind2=" " tag="730"><subfield code="a">Sunday Mercury.</subfield><subfield code="p">Spoons' picture gallery.</subfield></datafield><datafield ind1=" " ind2=" " tag="752"><subfield code="a">United States</subfield><subfield code="b">New York</subfield><subfield code="c">New York</subfield><subfield code="d">New York.</subfield></datafield><datafield ind1="1" ind2=" " tag="776"><subfield code="c">Original</subfield><subfield code="w">(DLC)sn 83030554</subfield></datafield><datafield ind1="0" ind2="0" tag="780"><subfield code="t">Sunday morning visiter</subfield></datafield><datafield ind1="0" ind2="0" tag="785"><subfield code="t">Morning telegraph (New York, N.Y. : 1897)</subfield></datafield><datafield ind1=" " ind2=" " tag="850"><subfield code="a">NN</subfield><subfield code="a">NN (master)</subfield></datafield></record>